<?xml version="1.0" encoding="UTF-8"?><collection xmlns="http://www.loc.gov/MARC21/slim"><record><leader>00440nam--2200157-i-4500</leader><controlfield tag="001">000041512</controlfield><controlfield tag="002">20161230</controlfield><controlfield tag="005">20170125140421</controlfield><controlfield tag="008">060222s1000------------r-----000-0-eng-d</controlfield><datafield ind1=" " ind2=" " tag="100"><subfield code="a">Shriner, R. L</subfield></datafield><datafield ind1=" " ind2=" " tag="245"><subfield code="a">The examination of new organic compound. Macro and semimicro analytical methods</subfield></datafield><datafield ind1=" " ind2=" " tag="260"><subfield code="a">New York</subfield><subfield code="b">John Wiley &amp; Sons, Inc</subfield><subfield code="c">1956</subfield></datafield><datafield ind1=" " ind2=" " tag="300"><subfield code="a">136 p</subfield></datafield><datafield ind1=" " ind2=" " tag="700"><subfield code="a">Smith, W. T</subfield></datafield><datafield ind1=" " ind2=" " tag="852"><subfield code="a">16067</subfield></datafield><datafield ind1=" " ind2=" " tag="CAT"><subfield code="a">SYS</subfield><subfield code="c">20170125</subfield><subfield code="h">140421</subfield></datafield></record></collection>